<record><leader>00000cas a22000007a 4500</leader><controlfield tag="001">9820009</controlfield><controlfield tag="008">830818c18409999riuwr ne      0    0eng d</controlfield><controlfield tag="009">3768</controlfield><datafield ind1=" " ind2=" " tag="010"><subfield code="a">sn 83021112 </subfield><subfield code="z">sn 85042358 </subfield></datafield><datafield ind1=" " ind2=" " tag="040"><subfield code="a">NPX</subfield><subfield code="b">eng</subfield><subfield code="c">NPX</subfield><subfield code="d">NPU</subfield><subfield code="d">DLC</subfield><subfield code="d">RHN</subfield><subfield code="d">OCL</subfield><subfield code="d">RHN</subfield><subfield code="d">OCL</subfield><subfield code="d">OCLCF</subfield><subfield code="d">OCLCO</subfield></datafield><datafield ind1=" " ind2=" " tag="019"><subfield code="a">12277718</subfield></datafield><datafield ind1="1" ind2=" " tag="029"><subfield code="a">AU@</subfield><subfield code="b">000020123507</subfield></datafield><datafield ind1=" " ind2=" " tag="042"><subfield code="a">msc</subfield></datafield><datafield ind1=" " ind2=" " tag="043"><subfield code="a">n-us-ri</subfield></datafield><datafield ind1="0" ind2="0" tag="050"><subfield code="a">Newspaper</subfield></datafield><datafield ind1="0" ind2="0" tag="245"><subfield code="a">Bristol phenix.</subfield></datafield><datafield ind1="1" ind2="0" tag="246"><subfield code="a">Bristol phoenix</subfield></datafield><datafield ind1="1" ind2="0" tag="246"><subfield code="a">Semi-weekly Bristol phoenix</subfield></datafield><datafield ind1=" " ind2=" " tag="260"><subfield code="a">Bristol, R.I. :</subfield><subfield code="b">W.H.S. Bayley,</subfield></datafield><datafield ind1=" " ind2=" " tag="300"><subfield code="a">v.</subfield></datafield><datafield ind1=" " ind2=" " tag="310"><subfield code="a">Weekly,</subfield><subfield code="b">Sept. 29, 1961-</subfield></datafield><datafield ind1=" " ind2=" " tag="321"><subfield code="a">Weekly,</subfield><subfield code="b">Sept. 12, 1840-Oct. 27, 1894</subfield></datafield><datafield ind1=" " ind2=" " tag="321"><subfield code="a">Semiweekly,</subfield><subfield code="b">Nov. 2, 1894-Sept. 22, 1961</subfield></datafield><datafield ind1="0" ind2=" " tag="362"><subfield code="a">Vol. 4, no. 1 (Sept. 12, 1840)-v. 66, no. 104 (Dec. 30, 1902) ; 67th year, no. 1 (Jan. 2, 1903)-</subfield></datafield><datafield ind1=" " ind2=" " tag="500"><subfield code="a">Issues for Mar. 13, 1869- called Bristol phoenix.</subfield></datafield><datafield ind1=" " ind2=" " tag="500"><subfield code="a">"Semi-weekly" appears above masthead ornament, Nov. 22, 1895-Sept. 22, 1961.</subfield></datafield><datafield ind1=" " ind2=" " tag="515"><subfield code="a">Vol. 4, no. 1 (Sept. 12, 1840)-v. 19, no. 20 (Dec. 29, 1855) called also whole no. 157-whole no. 956.</subfield></datafield><datafield ind1=" " ind2=" " tag="530"><subfield code="a">Available in microform from Bell &amp; Howell, Micro-photo Division.</subfield></datafield><datafield ind1=" " ind2="0" tag="651"><subfield code="a">Bristol (R.I. : Town)</subfield><subfield code="v">Newspapers.</subfield></datafield><datafield ind1=" " ind2="7" tag="655"><subfield code="a">Newspapers.</subfield><subfield code="2">fast</subfield><subfield code="0">(OCoLC)fst01423814</subfield></datafield><datafield ind1=" " ind2="7" tag="651"><subfield code="a">Rhode Island</subfield><subfield code="z">Bristol (Town)</subfield><subfield code="2">fast</subfield><subfield code="0">(OCoLC)fst01332118</subfield></datafield><datafield ind1=" " ind2=" " tag="752"><subfield code="a">United States</subfield><subfield code="b">Rhode Island</subfield><subfield code="c">Bristol</subfield><subfield code="d">Bristol.</subfield></datafield><datafield ind1="0" ind2="0" tag="780"><subfield code="t">Phenix (Bristol, R.I.)</subfield><subfield code="w">(DLC)sn 83021111</subfield></datafield></record>